@inproceedingho{Sch03,
 author = {Schnorr, Claus-Peter},
 title = {Lattice Reduction by Random Sampling and Birthday Methods},
 booktitle = {In Proc. STACS 2003, Eds. H. Alt and M. Habib, LNCS 2607},
 year = {2003},
 pages = {145--156},
 publisher = {Springer}
 }

@article{TCS:Sch87,
 author = {Schnorr, Claus-Peter},
 title = {A Hierarchy of Polynomial Time Lattice Basis Reduction Algorithms},
 journal = {Theoretical Computer Science},
 issue_date = {Aug. 1987},
 volume = {53},
 number = {2-3},
 month = aug,
 year = {1987},
 issn = {0304-3975},
 pages = {201--224},
 numpages = {24},
 url = {http://dx.doi.org/10.1016/0304-3975(87)90064-8},
 doi = {10.1016/0304-3975(87)90064-8},
 acmid = {39453},
 publisher = {Elsevier Science Publishers Ltd.},
 address = {Essex, UK}
} 

@ARTICLE{LLL82,
    author = {Arjen K. Lenstra and Hedrik W. Lenstra and L{\' a}szl{\' o} Lov{\' a}sz},
    title = {Factoring polynomials with rational coefficients},
    journal = {Mathematische Annalen},
    year = {1982},
    volume = {261},
    pages = {515--534}
}

@misc{Sho,
    author = {Shoup, Victor},
    title = {{N}umber {T}heory {L}ibrary 5.5.2 for {C}++},
    howpublished={\url{http://www.shoup.net/ntl/}},
}

@inproceedings{STOC:Kannan83,
 author = {Kannan, Ravi},
 title = {Improved Algorithms for Integer Programming and Related Lattice Problems},
 booktitle = {Proceedings of the Fifteenth Annual ACM Symposium on Theory of Computing},
 series = {STOC '83},
 year = {1983},
 isbn = {0-89791-099-0},
 pages = {193--206},
 numpages = {14},
 url = {http://doi.acm.org/10.1145/800061.808749},
 doi = {10.1145/800061.808749},
 acmid = {808749},
 publisher = {ACM},
 address = {New York, NY, USA}
} 

@inproceedings{STACS:Babai85,
 author = {Babai, L\'{a}szl\'{o}},
 title = {On {L}ov\'{a}sz' Lattice Reduction and the Nearest Lattice Point Problem (Shortened Version)},
 booktitle = {Proceedings of the 2Nd Symposium of Theoretical Aspects of Computer Science},
 series = {STACS '85},
 year = {1985},
 isbn = {3-540-13912-5},
 pages = {13--20},
 numpages = {8},
 url = {http://dl.acm.org/citation.cfm?id=646502.696106},
 acmid = {696106},
 publisher = {Springer-Verlag},
 address = {London, UK}
} 

@book{Cohen95,
 author = {Cohen, Henri},
 title = {A Course in Computational Algebraic Number Theory},
 year = {1993},
 isbn = {0-387-55640-0},
 publisher = {Springer-Verlag New York, Inc.},
 address = {New York, NY, USA}
} 

@inproceedings{ACNS:KMW16,
	author={Kirshanova, Elena and May, Alexander and Wiemer, Friedrich},
	title={Parallel Implementation of BDD Enumeration for LWE},
	bookTitle={Applied Cryptography and Network Security: 14th International Conference, ACNS 2016, Guildford, UK, June 19-22, 2016. Proceedings},
	publisher={Springer International Publishing},
	year={2016},
	pages={580--591}
}

@article{DCC:HKM,
	 author = {Herold, Gottfried and Kirshanova, Elena and May, Alexander},
	 title = {On the Asymptotic Complexity of Solving {LWE}},
	 journal = {Designes, Codes and Cryptography, To appear},
	 issue_date = {},
	 volume = {},
	 number = {},
	 month = {},
	 year = {},
	 issn = {},
	 pages = {},
	 numpages = {24},
	 publisher = {Elsevier Science Publishers Ltd.},
	 address = {Essex, UK}

}

@article{SchE94,
	author={Schnorr, Claus-Peter and Euchner, M.},
	title={Lattice basis reduction: Improved practical algorithms and solving subset sum problems},
	journal={Mathematical Programming},
	year={1994},
	volume={66},
	number={1},
	pages={181--199},
	issn={1436-4646},
	doi={10.1007/BF01581144},
	url={http://dx.doi.org/10.1007/BF01581144}
}

@article{Ao14,
  author    = {Yoshinori Aono},
  title     = {{A faster method for computing Gama-Nguyen-Regev's extreme pruning
               coefficients}},
  journal   = {CoRR},
  volume    = {abs/1406.0342},
  year      = {2014}
}

@article{R46,
	author = {Rado, R.}, 
	title = {A Theorem on the Geometry of Numbers},
	volume = {s1-21}, 
	number = {1}, 
	pages = {34-47}, 
	year = {1946}, 
	journal = {Journal of the London Mathematical Society} 
}

@book{Cas97,
   title = {An introduction to the geometry of numbers},
   author = {Cassels, John William Scott},
   series = {Classics in mathematics},
   publisher = {Springer},
   address = {Berlin, Heidelberg, Paris},
   isbn = {3-540-61788-4},
   note = {Originally published as vol. 99 of : Die Grundlehren der mathematischen Wissenschaften in Einzeldarstellungen},
   year = {1997}
}

@article{APS15,
author={Martin R. Albrecht and Rachel Player and Sam Scott},
title={On the concrete hardness of Learning with Errors},
journal={Cryptology ePrint Archive, Report 2015/046},
url = {https://eprint.iacr.org/2015/046},
year = {2015}
}

@article{Kan87,
 author = {Kannan, Ravi},
 title = {Minkowski's Convex Body Theorem and Integer Programming},
 journal = {Math. Oper. Res.},
 issue_date = {August 1, 1987},
 volume = {12},
 number = {3},
 month = aug,
 year = {1987},
 issn = {0364-765X},
 pages = {415--440},
 numpages = {26},
 url = {http://dx.doi.org/10.1287/moor.12.3.415},
 doi = {10.1287/moor.12.3.415},
 acmid = {35580},
 publisher = {INFORMS},
 address = {Institute for Operations Research and the Management Sciences (INFORMS), Linthicum, Maryland, USA},
} 

@Inbook{MicReg09,
	author={Micciancio, Daniele and Regev, Oded},
	editor={Bernstein, Daniel J. and Buchmann, Johannes and Dahmen, Erik},
	title={Lattice-based Cryptography},
	bookTitle={Post-Quantum Cryptography},
	year={2009},
	publisher={Springer Berlin Heidelberg},
	address={Berlin, Heidelberg},
	pages={147--191},
	isbn={978-3-540-88702-7}
}

@Article{DCC:ACFFP15,
	author={Albrecht, Martin R. and Cid, Carlos and Faug{\`e}re, Jean-Charles and Fitzpatrick, Robert and Perret, Ludovic},
	title={On the complexity of the {BKW} algorithm on {LWE}},
	journal={Designs, Codes and Cryptography},
	year={2015},
	volume={74},
	number={2},
	pages={325--354},
	issn={1573-7586}
}

@inproceedings{FinPoh83,
  author    = {U. Fincke and
               Michael Pohst},
  editor    = {J. A. van Hulzen},
  title     = {A procedure for determining algebraic integers of given norm},
  booktitle = {Computer Algebra, {EUROCAL} 1983
               Proceedings},
  series    = {Lecture Notes in Computer Science},
  volume    = {162},
  pages     = {194--202},
  publisher = {Springer},
  year      = {1983},
}

@unpublished{fplll,
    note = {Available at \url{https://github.com/fplll/fplll}},
    title = {{FPLLL}, a lattice reduction library},
    author = {The {FPLLL} {D}evelopment {T}eam},
    year = {2016},
    url = {https://github.com/fplll/fplll}
}

@unpublished{Galb,
  author    = {Steven D. Galbraith},
  title     = {{Space-efficient variants of cryptosystems based on learning with errors}},
  url       = {https://www.math.auckland.ac.nz/~sgal018/compact-LWE.pdf}
}

@article{Wishart28,
	author = {Wishart, John}, 
	title = {The Generalized Product Moment Distribution in Samples from a Normal Multivariate Population},
	volume = {20A}, 
	number = {1-2}, 
	pages = {32-52}, 
	year = {1928}, 
	doi = {10.1093/biomet/20A.1-2.32}, 
	url = {http://biomet.oxfordjournals.org/content/20A/1-2/32.short}, 
	eprint = {http://biomet.oxfordjournals.org/content/20A/1-2/32.full.pdf+html}, 
	journal = {Biometrika} 
}

@inbook{Eaton07,
	booktitle = {Multivariate Statistics},
	author = {Eaton, Morris L.},
	address = {Beachwood, Ohio, USA},
	doi = {10.1214/lnms/1196285114},
	pages = {302--333},
	publisher = {Institute of Mathematical Statistics},
	series = {Lecture Notes--Monograph Series},
	title = {Chapter 8: The Wishart Distribution},
	url = {http://dx.doi.org/10.1214/lnms/1196285114},
	volume = {Volume 53},
	year = {2007}
}

@article{BLS16,
	title = {Tuple lattice sieving},
	doi = {10.1112/S1461157016000292},
	publisher = {London Mathematical Society},
	address = {London, UK},
	author = {Bai, Shi and Laarhoven, Thijs and Stehl{\' e}, Damien},
	volume = {19},
	number = {A},
	pages = {146-162},
	year = {2016},
	month = {08},
	day = {01},
	url ={https://www.cambridge.org/core/article/tuple-lattice-sieving/C1CE6384DEC54330AEFB2A4D38190094},
	journal = {LMS Journal of Computation and Mathematics}
}

@article{NguVid08,
	author = {Nguyen, Phong Q. and Vidick, Thomas},
	biburl = {http://www.bibsonomy.org/bibtex/2ad6041726f999944fc201cfeee194dfa/dblp},
	journal = {J. Mathematical Cryptology},
	number = {2},
	pages = {181-207},
	timestamp = {2013-01-09T11:37:54.000+0100},
	title = {Sieve algorithms for the shortest vector problem are practical.},
	url = {http://dblp.uni-trier.de/db/journals/jmc/jmc2.html#NguyenV08},
	volume = {2},
	year = {2008}
}

@misc{PujSte09,
	author = {Xavier Pujol and Damien Stehl{\' e}},
	title = {Solving the Shortest Lattice Vector Problem in Time {$2^{2.465n}$}},
	howpublished = {Cryptology ePrint Archive, Report 2009/605},
	year = {2009},
	note = {\url{http://eprint.iacr.org/2009/605}},
}

@misc{Bai16,
	author = {Bai, Shi},
	year = {2016},
	month={07},
	howpublished = {Personal communication}
}

@misc{C3,
	author = {{C}rypto {C}runching {C}luster},
	title={Ruhr-{U}niversit{\"a}t {B}ochum},
	note={\url{https://www.hgi.rub.de/hgi/Netzwerk/c3/}}
}

@misc{SVPChallenge,
	title={{SVP} challenge generator.},
	note={\url{http://latticechallenge.org/svp-challenge}}
}

@article{GoldMay06,
	author = {Daniel Goldstein and Andrew Mayer},
	title = {On the equidistribution of Hecke points},
	journal = {Forum Mathematicum},
	volume = {15},
	number = {3},
	year = {2006},
	month={01},
	pages = {165-189}
}

@INPROCEEDINGS{BLM15, 
	author={Mariano, Artur and Laarhoven, Thijs and Bischof, Christian}, 
	booktitle={44th International Conference on Parallel Processing (ICPP)}, 
	title={Parallel (Probable) Lock-Free Hash Sieve: A Practical Sieving Algorithm for the SVP}, 
	year={2015}, 
	pages={590-599}, 
	doi={10.1109/PDP.2015.72}, 
	ISSN={1066-6192}, 
	month={September}
}

@misc{LWEChallenge,
	title={{LWE} challenge generator.},
	note={\url{http://latticechallenge.org/svp-challenge}}
}

@article{DH76,
 author = {Diffie, Whitfield and Hellman, Martin},
 title = {New Directions in Cryptography},
 journal = {IEEE Trans. Inf. Theor.},
 issue_date = {November 1976},
 volume = {22},
 number = {6},
 month = sep,
 year = {1976},
 pages = {644--654},
 numpages = {11},
 publisher = {IEEE Press},
 address = {Piscataway, NJ, USA},
} 

@article{RSA78,
 author = {Rivest, Ron L. and Shamir, Adi and Adleman, Leonard},
 title = {A Method for Obtaining Digital Signatures and Public-key Cryptosystems},
 journal = {Commun. ACM},
 issue_date = {Feb. 1978},
 volume = {21},
 number = {2},
 month = feb,
 year = {1978},
 pages = {120--126},
 numpages = {7},
 publisher = {ACM},
 address = {New York, NY, USA}
}

@article{Shor97,
 author = {Shor, Peter W.},
 title = {Polynomial-Time Algorithms for Prime Factorization and Discrete Logarithms on a Quantum Computer},
 journal = {SIAM J. Comput.},
 issue_date = {Oct. 1997},
 volume = {26},
 number = {5},
 month = oct,
 year = {1997},
 pages = {1484--1509},
 numpages = {26},
 publisher = {Society for Industrial and Applied Mathematics},
 address = {Philadelphia, PA, USA}
} 


@Article{Lenstra83,
 author = {Lenstra, Hendrick .W Jr.},
 title = {Integer programming with a fixed number of variables},
 journal = {Math. Oper. Res.},
 year = 1983,
 volume = 8,
 pages = {538-548}
}

@Inbook{Cop01,
	author={Coppersmith, Don},
	title={Finding Small Solutions to Small Degree Polynomials},
	bookTitle={Cryptography and Lattices: International Conference, CaLC 2001 Providence, RI, USA, March 29--30, 2001 Revised Papers},
	year={2001},
	publisher={Springer Berlin Heidelberg},
	address={Berlin, Heidelberg},
	pages={20--31}
}

@article{LO86,
	author = {Lagarias, Jeffrey C. and Odlyzko, Andrew M. },
	title = {Solving Low-density Subset Sum Problems},
	journal = {J. ACM},
	issue_date = {Jan. 1985},
	volume = {32},
	number = {1},
	month = jan,
	year = {1985},
	issn = {0004-5411},
	pages = {229--246},
	numpages = {18},
	acmid = {2461},
	publisher = {ACM}
} 

@misc{LecNotes,
	author        = {Regev, Oded},
	title         = {Lecture notes: Lattices in Computer Science},
	year          = {2009},
	note={\url{http://www.cims.nyu.edu/~regev/teaching/lattices_fall_2009/index.html}}
}

@misc{Pei16,
	author        = {Peikert, Chris},
	title         = {A Decade of Lattice Cryptography},
	year          = {2016},
	note		  = {Monograph}
}

@article{BKW,
	author = {Blum, Avrim and Kalai, Adam and Wasserman, Hal},
	title = {Noise-tolerant Learning, the Parity Problem, and the Statistical Query Model},
	journal = {J. ACM},
	issue_date = {July 2003},
	volume = {50},
	number = {4},
	month = jul,
	year = {2003},
	pages = {506--519},
	numpages = {14},
	publisher = {ACM},
	address = {New York, NY, USA}
} 

@article{Kup05,
	author    = {Greg Kuperberg},
	title     = {A Subexponential-Time Quantum Algorithm for the Dihedral Hidden Subgroup
	Problem},
	journal   = {{SIAM} J. Comput.},
	volume    = {35},
	number    = {1},
	pages     = {170--188},
	year      = {2005}
}

@article{Lyu05,
	author    = {Vadim Lyubashevsky},
	title     = {On Random High Density Subset Sums},
	journal   = {Electronic Colloquium on Computational Complexity {(ECCC)}},
	number    = {007},
	year      = {2005}
}

@Online{Google,
	author = {Google Security Blog},
	title={Experimenting with Post-Quantum Cryptography},
	note={\url{https://security.googleblog.com/2016/07/experimenting-with-post-quantum.html}},
	month = {October 26,},
	year = {2016}
}

@misc{NewHope,
	author = {Erdem Alkim and L{\' e}o Ducas and Thomas Pöppelmann and Peter Schwabe},
	title = {Post-quantum key exchange - a new hope},
	howpublished = {Cryptology ePrint Archive, Report 2015/1092},
	year = {2015},
	note = {\url{http://eprint.iacr.org/2015/1092}}
}

@inproceedings{LyuLPN05,
 author = {Lyubashevsky, Vadim},
 title = {The Parity Problem in the Presence of Noise, Decoding Random Linear Codes, and the Subset Sum Problem},
 booktitle = {Proceedings of the 8th International Workshop on Approximation, Randomization and Combinatorial Optimization Problems, and Proceedings of the 9th International Conference on Randamization and Computation: Algorithms and Techniques},
 series = {APPROX'05/RANDOM'05},
 year = {2005},
 location = {Berkeley, CA},
 pages = {378--389},
 numpages = {12},
 publisher = {Springer-Verlag},
 address = {Berlin, Heidelberg}
}

@article{Mic05,
	author = {Micciancio, Daniele},
	title = {Almost Perfect Lattices, the Covering Radius Problem, and Applications to Ajtai's Connection Factor},
	journal = {SIAM J. Comput.},
	issue_date = {2005},
	volume = {34},
	number = {1},
	month = jan,
	year = {2005},
	issn = {0097-5397},
	pages = {118--169},
	numpages = {52},
	acmid = {1035546},
	publisher = {Society for Industrial and Applied Mathematics},
	address = {Philadelphia, PA, USA}
} 

@misc{Mic10,
	author = {Micciancio, Daniele},
	title = {Duality in lattice cryptography},
	howpublished = {In Public Key Cryptography. Invited talk},
	year = {2010},
}

@book{Leb63,
	title = {Special functions and their applications},
	author = {Lebedev, Nikolai},
	publisher = {Gosizdat},
	address = {Moscow},
	note = {(in Russian)},
	year = {1963}
}

@misc{HK,
	author={Herold, Gottfried and Kirshanova, Elena},
	title={Improved Algorithms for the Approximate k-List Problem in
	Euclidean norm},
	howpublished = {In submission}
}