@preamble{"\newcommand{\SortNoop}[1]{}"}


@InProceedings{KF15,
	author={Kirchner, Paul and Fouque, Pierre-Alain},
	title={{A}n {I}mproved {BKW} {A}lgorithm for {LWE} with {A}pplications to {C}ryptography and {L}attices},
	booktitle={Advances in Cryptology -- {CRYPTO} 2015},
	year={2015},
	pages={43--62}
}